@mastersthesis{Distler05,
     author  = {Andreas Distler},
     title   = {Ein {A}lgorithmus zum {L}\accent127osen einer 
                {P}olynomgleichung durch {R}adikale},
     school  = {TU Braunschweig},
     year    = 2005,
     type    = {Diplomarbeit},
     note    = {\URL{http://www.icm.tu-bs.de/ag_algebra/software/distler/Diplom.pdf}}
}

@article{Kant,
        author =       {M. Daberkow and C. Fieker and J. Kl\accent127uners and
                        M. Pohst and K.Roegner and K. Wildanger},
        title =        {Kant {V4}},
        journal =      {J. Symb. Comput.},
        volume =       24,
        year =         {1997},
        pages =        {267 -- 283}}

